%% This BibTeX bibliography file was created using BibDesk.
%% http://bibdesk.sourceforge.net/


%% Created for Lingchen Zhu at 2015-02-10 10:44:46 -0500 


%% Saved with string encoding Unicode (UTF-8) 



@inproceedings{Gabriel:2004aa,
	Address = {Budapest, Hungary},
	Author = {Edgar Gabriel and Graham E. Fagg and George Bosilca and Thara Angskun and Jack J. Dongarra and Jeffrey M. Squyres and Vishal Sahay and Prabhanjan Kambadur and Brian Barrett and Andrew Lumsdaine and Ralph H. Castain and David J. Daniel and Richard L. Graham and Timothy S. Woodall},
	Booktitle = {Proceedings, 11th European PVM/MPI Users' Group Meeting},
	Date-Added = {2015-02-10 15:44:35 +0000},
	Date-Modified = {2015-02-10 15:44:42 +0000},
	Month = {September},
	Pages = {97--104},
	Title = {Open {MPI}: Goals, Concept, and Design of a Next Generation {MPI} Implementation},
	Year = 2004}

@inbook{Hood:1981aa,
	Address = {London},
	Author = {P. Hood},
	Chapter = {Migration},
	Date-Added = {2015-01-14 20:19:31 +0000},
	Date-Modified = {2015-02-10 15:44:42 +0000},
	Publisher = {Applied Science},
	Title = {Developments in Geophysical Methods},
	Year = {1981}}

@conference{Dong:2012aa,
	Address = {Las Vegas},
	Author = {S. Dong and J. Cai and M. Guo and S. Suh and Z. Zhang and B. Wang and Z. Li},
	Booktitle = {SEG Techinical Program Expanded Abstract 2012},
	Date-Added = {2015-01-13 20:44:02 +0000},
	Date-Modified = {2015-02-10 15:44:42 +0000},
	Organization = {SEG},
	Pages = {1-5},
	Title = {Least-squares reverse time migration: towards true amplitude imaging and improving the resolution},
	Year = {2012}}

@article{Engquist:1977aa,
	Author = {B. Engquist and A. Majda},
	Date-Added = {2015-01-13 17:04:18 +0000},
	Date-Modified = {2015-02-10 15:44:42 +0000},
	Journal = {Proceedings of the Natinoal Academy of Sciences},
	Pages = {1765-1766},
	Title = {Absorbing boundary conditions for numerical simulation of waves},
	Volume = {74},
	Year = {1977}}

@article{Clayton:1977aa,
	Author = {R. Clayton and B. Engquist},
	Date-Added = {2015-01-13 17:02:47 +0000},
	Date-Modified = {2015-02-10 15:44:42 +0000},
	Journal = {Bulletin of the Seismological Society of America},
	Pages = {1529-1540},
	Title = {Absorbing boundary conditions for acoustic and elastic wave equations},
	Volume = {67},
	Year = {1977}}

@article{Virieux:2009aa,
	Author = {J. Virieux and S. Operto},
	Date-Added = {2015-01-12 21:17:39 +0000},
	Date-Modified = {2015-02-10 15:44:42 +0000},
	Journal = {Geophysics},
	Number = {6},
	Pages = {WCC1-WCC26},
	Title = {An overivew of full-waveform inversion in exploration geophysics},
	Volume = {74},
	Year = {2009}}

@article{Nemeth:1999aa,
	Author = {T. C. Nemeth and C. Wu and G. T. Schuster},
	Date-Added = {2015-01-12 20:45:47 +0000},
	Date-Modified = {2015-02-10 15:44:42 +0000},
	Journal = {Geophysics},
	Pages = {208-221},
	Title = {Least-square migration of incomplete reflection data},
	Volume = {64},
	Year = {1999}}

@article{McMechan:1983aa,
	Author = {G. A. McMechan},
	Date-Added = {2015-01-12 20:28:08 +0000},
	Date-Modified = {2015-02-10 15:44:42 +0000},
	Journal = {Geophysical Prospecting},
	Pages = {413-420},
	Title = {Migration by extrapolation of time-dependent boundary values},
	Volume = {31},
	Year = {1983}}

@article{Baysal:1983aa,
	Author = {E. Baysal and D. D. Kosloff and J. W. C. Sherwood},
	Date-Added = {2015-01-12 20:26:49 +0000},
	Date-Modified = {2015-02-10 15:44:42 +0000},
	Journal = {Geophysics},
	Pages = {1514-1524},
	Title = {Reverse time migration},
	Volume = {48},
	Year = {1983}}

@article{Schneider:1978aa,
	Author = {W. Schneider},
	Date-Added = {2015-01-12 20:03:29 +0000},
	Date-Modified = {2015-02-10 15:44:42 +0000},
	Journal = {Geophysics},
	Pages = {49-76},
	Title = {Integral formulation for migration in two and three dimensionas},
	Volume = {43},
	Year = {1978}}

@book{Biondi:2006aa,
	Address = {Tulsa, Oklahoma, USA},
	Author = {B. L. Biondi},
	Date-Added = {2015-01-12 14:54:40 +0000},
	Date-Modified = {2015-02-10 15:44:42 +0000},
	Publisher = {SEG},
	Series = {Inverstigations in Geophysics Series No. 14},
	Title = {3D Seismic Imaging},
	Year = {2006}}

@article{Zhao:2004aa,
	Author = {H. Zhao},
	Date-Added = {2015-01-12 03:08:55 +0000},
	Date-Modified = {2015-02-10 15:44:42 +0000},
	Journal = {Mathematics of computation},
	Number = {250},
	Pages = {603-627},
	Title = {A fast sweeping method for eikonal equations},
	Volume = {74},
	Year = {2004}}

@webpage{Kozola:2011aa,
	Author = {S. Kozola},
	Date-Added = {2015-01-12 02:29:50 +0000},
	Date-Modified = {2015-02-10 15:44:42 +0000},
	Institution = {The MathWorks Inc.},
	Month = {March},
	Title = {Large Data in MATLAB: A Seismic Data Processing Case Study},
	Url = {http://www.mathworks.com/matlabcentral/fileexchange/30585-large-data-in-matlab--a-seismic-data-processing-case-study},
	Year = {2011},
	Bdsk-Url-1 = {http://www.mathworks.com/matlabcentral/fileexchange/30585-large-data-in-matlab--a-seismic-data-processing-case-study}}

@article{Fei:1995aa,
	Author = {T. Fei and K. Larner},
	Date-Added = {2015-01-11 16:36:53 +0000},
	Date-Modified = {2015-02-10 15:44:42 +0000},
	Journal = {Geophysics},
	Number = {6},
	Pages = {1830-1842},
	Title = {Elimination of numerical dispersion in finite-difference modeling and migration by flux-corrected transport},
	Volume = {60},
	Year = {1995}}

@article{Chen:2014aa,
	Author = {K. Chen},
	Date-Added = {2015-01-11 16:26:27 +0000},
	Date-Modified = {2015-02-10 15:44:42 +0000},
	Journal = {Journal of Computational Methods in Physics},
	Number = {ID108713},
	Pages = {1-15},
	Title = {Finite-Difference simulation of elastic wave with separation in pure P- and S-Modes},
	Volume = {2014},
	Year = {2014}}

@article{Luebbers:1992aa,
	Author = {R. J. Luebbers and F. Hunsberger},
	Date-Added = {2015-01-10 04:06:14 +0000},
	Date-Modified = {2015-02-10 15:44:42 +0000},
	Journal = {IEEE Transactions on Antennas and Propagation},
	Pages = {1297-1301},
	Title = {FDTD for Nth-order dispersive media},
	Volume = {40},
	Year = {1992}}

@article{Roden:2000aa,
	Author = {J. A. Roden and S. D. Gedney},
	Date-Added = {2015-01-10 04:01:30 +0000},
	Date-Modified = {2015-02-10 15:44:42 +0000},
	Journal = {Microwave and Optical Technology Letters},
	Pages = {334-339},
	Title = {Convolution PML (CPML): An efficient FDTD implementation of the CFS-PML for arbitrary media},
	Volume = {27},
	Year = {2000}}

@article{Komatitsch:2007aa,
	Author = {D. Komatitsch and R. Martin},
	Date-Added = {2015-01-10 02:57:17 +0000},
	Date-Modified = {2015-02-10 15:44:42 +0000},
	Journal = {Geophysics},
	Pages = {SM155-SM167},
	Title = {An unsplit convolutional perfectly matched layer improved at grazing incidence for the seismic wave equation},
	Volume = {72},
	Year = {2007}}

@article{Cerjan:1985aa,
	Author = {C. D. Cerjan and D. Kosloff and R. Kosloff and M. Reshef},
	Date-Added = {2015-01-09 21:53:43 +0000},
	Date-Modified = {2015-02-10 15:44:42 +0000},
	Journal = {Geophysics},
	Pages = {705-708},
	Title = {A nonreflecting boundary condition for discrete acoustic and elastic wave equations},
	Volume = {50},
	Year = {1985}}
